@article{perkins:1991,
  title={Effects of nicotine on perceived exertion during low-intensity activity.},
  author={Perkins, Kenneth A and Sexton, Joan E and Solberg-Kassel, Rena D and Epstein, Leonard H},
  journal={Medicine \& Science in Sports \& Exercise},
  year={1991},
  publisher={Lippincott Williams \& Wilkins}
}

@book{newbold:2003,
	Author = {Newbold, Paul and Carlson, William Lee and Thorne, Betty},
	Booktitle = {Statistics for Business and Economics},
	Publisher = {Pearson College Division},
	Title = {Statistics for Business and Economics},
	Year = {2003}}

@book{ozsoy:2010,
	Author = {\"Ozsoy, Onur},
	Booktitle = {Iktisat{\c{c}}{\i}lar ve \.I{\c{s}}letmeciler \.I{\c{c}}in \.Istatistik},
	Publisher = {Ankara: Siyasal Kitabevi},
	Title = {\.Iktisat{\c{c}}{\i}lar ve \.I{\c{s}}letmeciler \.I{\c{c}}in \.Istatistik, (3. Bask{\i})},
	Year = {2010}}

@book{ozsoy:2014,
	Author = {\"Ozsoy, Onur},
	Booktitle = {Soru ve Yanıtlarla İstatistik},
	Publisher = {Ankara: Turhan Kitabevi},
	Title = {Soru ve Yanıtlarla İstatistik},
	Year = {2014}}

@article{aydinonat:2007,
	Author = {Aydınonat, N. Emrah},
	Title = {İktisat Öğrencileri için Ödev Yazma Kılavuzu},
	url = {http://iktisat.cu.edu.tr/tr/Belgeler/Formlar/Bitirme%20Projesi%20Ödev%20Hazırlama%20Rehberi/N.%20Emrah%20AYDINONAT%20(2006)%20Ödev%20Rehberi.pdf},
	Year = {2007}}

@book{smith1937wealth,
  title={The wealth of nations [1776]},
  author={Smith, Adam},
  volume={11937},
  year={1937},
  publisher={na}
}

@article{weisberg2021distinct,
  title={Distinct antibody responses to SARS-CoV-2 in children and adults across the COVID-19 clinical spectrum},
  author={Weisberg, Stuart P and Connors, Thomas J and Zhu, Yun and Baldwin, Matthew R and Lin, Wen-Hsuan and Wontakal, Sandeep and Szabo, Peter A and Wells, Steven B and Dogra, Pranay and Gray, Joshua and others},
  journal={Nature immunology},
  volume={22},
  number={1},
  pages={25--31},
  year={2021},
  publisher={Nature Publishing Group US New York}
}

@article{kimotho2022kinetics,
  title={Kinetics of naturally induced binding and neutralizing anti-SARS-CoV-2 antibody levels and potencies among Kenyan patients with diverse grades of COVID-19 severity},
  author={Kimotho, John and Sein, Yiakon and Sayed, Shahin M and Shah, Reena and Mwai, Kennedy and Saleh, Mansoor and Wanjiku, Perpetual and Mwacharo, Jedida and Nyangwange, James and Karanja, Henry and others},
  journal={medRxiv},
  pages={2022--10},
  year={2022},
  publisher={Cold Spring Harbor Laboratory Press}
}

@article{deneyler2020covid,
  title={COVID-19’da SARS-CoV-2’ye Kar{\c{s}}{\i} Antikor Yan{\i}tlar{\i} ve},
  author={Deneyler, Serolojik},
  journal={Turkiye Klinikleri J Health Sci},
  volume={5},
  number={2},
  pages={394--400},
  year={2020}
}

@article{gurel2022covid,
  title={Cov{\i}d-19 Hastalar{\i}nda N{\"o}trolizan Antikor D{\"u}zeyinin 6 Ayl{\i}k Prospektif {\.I}zlemi},
  author={G{\"u}rel, Zeynep},
  year={2022},
  publisher={Necmettin Erbakan {\"U}niversitesi Meram T{\i}p Fak{\"u}ltesi}
}

@article{keskin2022covid,
  title={COVID-19 Ge{\c{c}}iren ve COVID-19 A{\c{s}}{\i}s{\i} Olan Sa{\u{g}}l{\i}k {\c{C}}al{\i}{\c{s}}anlar{\i}nda SARS-CoV-2’ye {\"O}zg{\"u} Humoral ve H{\"u}cresel Ba{\u{g}}{\i}{\c{s}}{\i}kl{\i}k De{\u{g}}erlerinin Ara{\c{s}}t{\i}r{\i}lmas{\i}},
  author={Keskin, A{\"U}},
  journal={Mikrobiyol Bul},
  volume={56},
  number={3},
  pages={480--492},
  year={2022}
}

@article{dicletip887689,
	journal = {Dicle Tıp Dergisi},
	issn = {1300-2945},
	eissn = {1308-9889},
	address = {},
	publisher = {Dicle Üniversitesi},
	year = {2021},
	volume = {48},
	number = {1},
	pages = {181 - 186},
	doi = {10.5798/dicletip.887689},
	title = {COVİD-19 Geçiren Hastalarda Antikor Düzeylerinin Değerlendirilmesi},
	key = {cite},
	author = {Aslan,  Özgür}
}
